% Список литературы к теоретической части работы.
% Для статей с IEEE описания взяты прямо с официального сайта, поэтому содержат
% кучу необязательных данных, таких как ISSN, DOI и ключевые слова.

@article{bib:TafloveBrodwin1975,
    author   = {Taflove, A. and Brodwin, M. E.},
    title    = {Numerical Solution of Steady-State Electromagnetic Scattering
                Problems Using the Time-Dependent Maxwell's Equations},
    journal  = {Microwave Theory and Techniques, IEEE Transactions on},
    year     = {1975},
    month    = {aug},
    volume   = {23},
    number   = {8},
    pages    = {623-630},
    DOI      = {10.1109/TMTT.1975.1128640},
    ISSN     = {0018-9480},
}

@article{bib:Yee1966,
    author   = {Kane Yee},
    title    = {Numerical solution of initial boundary value problems
                involving Maxwell's equations in isotropic media},
    journal  = {Antennas and Propagation, IEEE Transactions on},
    year     = {1966},
    month    = {may},
    volume   = {14},
    number   = {3},
    pages    = {302-307},
    keywords = {EMP radiation effects;Magnetic scattering by absorbing media;},
    DOI      = {10.1109/TAP.1966.1138693},
    ISSN     = {0018-926X},
}

@article{bib:KunzLee1978part1,
    author   = {Kunz, K.S. and Kuan-Min Lee},
    title    = {A Three-Dimensional Finite-Difference Solution of the External
                Response of an Aircraft to a Complex Transient EM Environment:
                Part I --- The Method and Its Implementation},
    journal  = {Electromagnetic Compatibility, IEEE Transactions on},
    year     = {1978},
    month    = {may},
    volume   = {EMC-20},
    number   = {2},
    pages    = {328 -333},
    DOI      = {10.1109/TEMC.1978.303726},
    ISSN     = {0018-9375},
}

@article{bib:KunzLee1978part2,
    author   = {Kunz, K.S. and Kuan-Min Lee},
    title    = {A Three-Dimensional Finite-Difference Solution of the External
                Response of an Aircraft to a Complex Transient EM Environment:
                Part II --- Comparison of Predictions and Measurements},
    journal  = {Electromagnetic Compatibility, IEEE Transactions on},
    year     = {1978},
    month    = {may},
    volume   = {EMC-20},
    number   = {2},
    pages    = {333-341},
    DOI      = {10.1109/TEMC.1978.303727},
    ISSN     = {0018-9375},
}


@ARTICLE{bib:Taflove1980,
    author   = {Taflove, A.},
    title    = {Application of the Finite-Difference Time-Domain Method to
                Sinusoidal Steady-State Electromagnetic-Penetration Problems},
    journal  = {Electromagnetic Compatibility, IEEE Transactions on},
    year     = {1980},
    month    = {aug.},
    volume   = {EMC-22},
    number   = {3},
    pages    = {191-202},
    DOI      = {10.1109/TEMC.1980.303879},
    ISSN     = {0018-9375},
}

@book{bib:Taflove1995,
    author   = {Taflove, A.},
    title    = {Computational electrodynamics:
                the finite-difference time-domain method},
    publisher= {Artech House},
    series   = {Antennas and Propagation Library},
    year     = {1995},
    ISBN     = {9780890067925},
    LCCN     = {95015008},
}

@article{bib:Immoreev2002,
    author   = {Immoreev, I. J. and Sudakov, A. A},
    title    = {Ultrawideband interference resistant system for secure radio
                communication with high data rate},
    journal  = {ICCSC'02},
    year     = {2002},
    address  = {St.~Petersburg, Russia},
}

@book{bib:Davidson2005,
    author   = {Davidson, D.B.},
    title    = {Computational Electromagnetics For RF
                and Microwave Engineering},
    publisher= {Cambridge University Press},
    year     = {2005},
    ISBN     = {9780521838597},
    LCCN     = {2004054536},
}

@article{bib:Maloney1994,
    author   = {Maloney, J.G. and Shlager, K.L. and Smith, G.S.},
    title    = {A simple FDTD model for transient excitation of antennas by
                transmission lines},
    journal  = {Antennas and Propagation, IEEE Transactions on},
    year     = {1994},
    month    = {feb},
    volume   = {42},
    number   = {2},
    pages    = {289-292},
    keywords = {FDTD model; antennas; cylindrical monopole antenna; incident
                waveforms; plane reflector; reflected waveforms; transient
                excitation; transient waveforms; transmission lines; antenna
                feeders; finite difference time-domain analysis; monopole
                antennas; reflector antennas; transmission line theory;},
    DOI      = {10.1109/8.277228},
    ISSN     = {0018-926X},
}

@article{bib:Karshenas2009,
    author   = {Karshenas, F. and Mallahzadeh, A. R. and Imani, A.},
    title    = {Modified TEM Horn Antenna for Wideband Applications},
    journal  = {XIII International Symposium on Antenna Technology and
                Applied Electromagnetics},
    year     = {2009},
}

@article{bib:Mur1981,
    author   = {Mur, G.},
    title    = {Absorbing Boundary Conditions for the Finite-Difference
                Approximation of the Time-Domain Electromagnetic-Field
                Equations},
    journal  = {Electromagnetic Compatibility, IEEE Transactions on},
    year     = {1981},
    month    = {nov.},
    volume   = {EMC-23},
    number   = {4},
    pages    = {377-382},
    DOI      = {10.1109/TEMC.1981.303970},
    ISSN     = {0018-9375},
}

@article{bib:Liao1984,
    author   = {Liao, Z. P. and Wong, H. L and Yuan, Y. F.},
    title    = {A transmitting boundary for transient wave analysis},
    journal  = {Scientia Sinica},
    year     = {1984},
    volume   = {27},
    pages    = {1063–1076},
}

@article{bib:Berenger1994,
    author   = {Berenger, J.-P.},
    title    = {A perfectly matched layer for the absorption
                of electromagnetic waves},
    journal  = {Journal of Computational Physics},
    year     = {1994},
    volume   = {114},
    pages    = {185–200},
}

@article{bib:Berenger1996,
    author   = {Berenger, J.-P.},
    title    = {Perfectly matched layer for the FDTD solution of wave-structure
               interaction problems},
    journal  = {Antennas and Propagation, IEEE Transactions on},
    year     = {1996},
    month    = {jan.},
    volume   = {44},
    number   = {1},
    pages    = {110-117},
    keywords = {FDTD solution; absorbing layer; computational requirements;
                electromagnetic compatibility; finite-difference time-domain
                method; free space simulation; perfectly matched layer;
                radar cross-section; specifications; wave-structure interaction
                problems; electromagnetic compatibility; electromagnetic wave
                absorption; electromagnetic wave scattering; finite difference
                time-domain analysis; radar cross-sections;},
    DOI      = {10.1109/8.477535},
    ISSN     = {0018-926X},
}

@article{bib:PiketMay1994,
    author   = {Piket-May, M. and Taflove, A. and Baron, J.},
    title    = {FD-TD modeling of digital signal propagation in 3-D circuits
                with passive and active loads},
    journal  = {Microwave Theory and Techniques, IEEE Transactions on},
    year     = {1994},
    month    = {aug.},
    volume   = {42},
    number   = {8},
    pages    = {1514-1523},
    keywords = {3D circuits; FD-TD modeling; Maxwell's equations; UHF EM wave
                energy transport; capacitance per unit length; computer-aided
                circuit design; digital signal propagation; full-wave modeling;
                ground planes; inductance per unit length; large-signal
                behavior; lumped-circuit loads; microwave EM wave energy
                transport;propagation constant; resistive voltage sources;
                stripline complex line impedance; very high-speed nonlinear
                devices; Maxwell equations; VLSI; circuit CAD; digital signals;
                finite difference time-domain analysis;},
    DOI      = {10.1109/22.297814},
    ISSN     = {0018-9480},
}

@book{bib:TikhonovSamarskii2004}
    author    = {{Тихонов А.Н.} and {Самарский А.А.}},
    title     = {Уравнения математическй физики},
    publisher = {М.: Издательство Московского университета},
    year      = {2004},
}

@unpublished{bib:WikipediaFdtdArticle,
    author    = {Википедия},
    title     = {Finite Difference Time Domain method},
    note      = {http://en.wikipedia.org/wiki/FDTD},
    language  = {russian},
}

@book{bib:Aizenberg1985,
    author    = {Айзенберг, Г. З.},
    title     = {Коротковолновые антенны},
    address   = {М.},
    publisher = {Радио и связь},
    year      = {1985},
    language  = {russian},
}

@article{bib:Zelenin2006,
    author    = {Зеленин, А.},
    title     = {Применение метода FDTD для вычисления электромагнитных
                 полей в~дальней зоне},
    journal   = {Технология ЭМС},
    year      = {2006},
    month     = {apr},
    language  = {russian},
}

@book{bib:Astanin1989,
    author    = {Астанин, Л. Ю. and Костылев, А. А.},
    title     = {Основы сверхширокополосных радиолокационных измерений},
    address   = {М.},
    publisher = {Радио и Связь},
    year      = {1989},
    language  = {russian},
}

@unpublished{bib:MescheryakovUnpublishedReport,
    author    = {Мещеряков, И. И.},
    title     = {Оценка возможности наведения электромагнитных импульсных
                 помех субнаносекундной длительности на~печатные элементы
                 СВЧ устройств с~использованием метода конечных разностей
                 во~временной области},
    note      = {Неопубликованный отчет},
    language  = {russian},
}

@article{bib:Bogolyubov2006,
    author    = {Боголюбов, А. Н. and Буткарев, И. А. and Дементьева, Ю. С.},
    title     = {Численное моделирование двумерных фотонных кристаллов},
    journal   = {Журнал радиоэлектроники},
    number    = {11},
    year      = {2006},
    pages     = {26-37},
    language  = {russian},
}
