% Нужно много текста на русском языке, чтобы эта дура додумалась до того,
% чтобы определить кодировку автоматически. Блин (((
%
%

@unpublished{bib:Hdf5WikipediaArticle,
    author    = {Википедия},
    title     = {{H}ierarchical {D}ata {F}ormat},
    note      = {http://en.wikipedia.org/wiki/Hierarchical_Data_Format},
    language  = {russian},
}

@unpublished{bib:Utf8WikipediaArticle,
    author    = {Википедия},
    title     = {{UTF-8}},
    note      = {http://en.wikipedia.org/wiki/UTF-8},
    language  = {russian},
}

@misc{bib:HdfGroupWebsite,
    author    = {{HDF} {G}roup},
    title     = {Официальный сайт},
    note      = {http://www.hdfgroup.org/HDF5},
    language  = {english},
}

@misc{bib:NcsaWebsite,
    author    = {{N}ational {C}enter for {S}upercomputing {A}pplications},
    title     = {Официальный сайт},
    note      = {www.ncsa.illinois.edu},
    language  = {english},
}
